@misc{Meyer2019,
author = {Meyer, Knut Andreas},
title = {umat collection},
url = {https://github.com/KnutAM/umat},
year = {2019},
note = {These models have been developed soley based on known literature, and it suffices to reference from where you obtained them}
}
