@article{Meyer2018,
author = {Meyer, Knut Andreas and Ekh, Magnus and Ahlstr{\"{o}}m, Johan},
doi = {10.1016/j.ijsolstr.2017.10.007},
journal = {International Journal of Solids and Structures},
keywords = {Axial-Torsion,Biaxial,Finite strains,Multiaxial,Pearlitic steel},
pages = {122--132},
publisher = {Elsevier Ltd},
title = {{Modeling of kinematic hardening at large biaxial deformations in pearlitic rail steel}},
url = {https://doi.org/10.1016/j.ijsolstr.2017.10.007},
volume = {130-131},
year = {2018}
}
