@article{Meyer2021,
author = {Meyer, Knut Andreas and Menzel, Andreas},
doi = {10.1016/j.ijsolstr.2021.111055},
issn = {00207683},
journal = {International Journal of Solids and Structures},
pages = {111055},
title = {{A distortional hardening model for finite plasticity}},
volume = {232},
year = {2021}
}
