@article{Meyer2020,
author = {Meyer, Knut Andreas},
doi = {10.1016/j.ijsolstr.2020.04.037},
journal = {International Journal of Solids and Structures (in press)},
title = {{Evaluation of material models describing the evolution of plastic anisotropy in pearlitic steel}},
year = {2020}
}
